@inproceedings{IEEEexample:conf/icwsm/PennacchiottiP11,
  author    = {Marco Pennacchiotti and
               Ana{-}Maria Popescu},
  title     = {A Machine Learning Approach to Twitter User Classification},
  booktitle = {ICWSM},
  year      = {2011}
}

@inproceedings{IEEEexample:conf/emnlp/CiotSR13,
  author    = {Morgane Ciot and
               Morgan Sonderegger and
               Derek Ruths},
  title     = {Gender Inference of Twitter Users in Non-English Contexts},
  booktitle = {EMNLP},
  year      = {2013}
}

@inproceedings{IEEEexample:conf/acl/VolkovaCD14,
  author    = {Svitlana Volkova and
               Glen Coppersmith and
               Benjamin Van Durme},
  title     = {Inferring User Political Preferences from Streaming Communications},
  booktitle = {ACL},
  year      = {2014}
}

@article{IEEEexample:journals/tmm/FangSXH15,
  author    = {Quan Fang and
               Jitao Sang and
               Changsheng Xu and
               M. Shamim Hossain},
  title     = {Relational User Attribute Inference in Social Media},
  journal   = {{IEEE} Trans. Multimedia},
  volume    = {17},
  number    = {7},
  pages     = {1031--1044},
  year      = {2015}
}


@inproceedings{IEEEexample:conf/music/GuoLTL12,
  author    = {Zhengbiao Guo and
               Zhitang Li and
               Hao Tu and
               Long Li},
  title     = {Characterizing User Behavior in Weibo},
  booktitle = {MUSIC},
  year      = {2012}
}

@article{IEEEexample:journals/fcsc/LiuCS12,
  author    = {Zhiyuan Liu and
               Xinxiong Chen and
               Maosong Sun},
  title     = {Mining the interests of Chinese microbloggers via keyword extraction},
  journal   = {Frontiers of Computer Science in China},
  volume    = {6},
  number    = {1},
  pages     = {76--87},
  year      = {2012}
}

@inproceedings{IEEEexample:conf/webi/XuLXY11,
  author    = {Zhiheng Xu and
               Rong Lu and
               Liang Xiang and
               Qing Yang},
  title     = {Discovering User Interest on Twitter with a Modified Author-Topic
               Model},
  booktitle = {WI},
  year      = {2011}
}

@inproceedings{IEEEexample:conf/and/MichelsonM10,
  author    = {Matthew Michelson and
               Sofus A. Macskassy},
  title     = {Discovering users' topics of interest on twitter: a first look},
  booktitle = {Workshop on Analytics for Noisy Unstructured
               Text Data, (in conjunction with {CIKM})},
 year      = {2010}
}


@inproceedings{IEEEexample:conf/wikis/LimD13,
  author    = {Kwan Hui Lim and
               Amitava Datta},
  title     = {Interest classification of Twitter users using Wikipedia},
  booktitle = {OpenSym},
  year      = {2013}
}

@inproceedings{IEEEexample:conf/recsys/BhattacharyaZGGG14,
  author    = {Parantapa Bhattacharya and
               Muhammad Bilal Zafar and
               Niloy Ganguly and
               Saptarshi Ghosh and
               Krishna P. Gummadi},
  title     = {Inferring user interests in the Twitter social network},
  booktitle = {{RecSys}},
  year      = {2014}
}

@inproceedings{IEEEexample:conf/wsdm/YangL13,
  author    = {Jaewon Yang and
               Jure Leskovec},
  title     = {Overlapping community detection at scale: a nonnegative matrix factorization
               approach},
  booktitle = {WSDM},
  year      = {2013}
}

@inproceedings{IEEEexample:conf/www/RuanFP13,
  author    = {Yiye Ruan and
               David Fuhry and
               Srinivasan Parthasarathy},
  title     = {Efficient community detection in large networks using content and
               links},
  booktitle = {WWW},
  year      = {2013}
}

@inproceedings{IEEEexample:conf/aaai/ShiokawaFO13,
  author    = {Hiroaki Shiokawa and
               Yasuhiro Fujiwara and
               Makoto Onizuka},
  title     = {Fast Algorithm for Modularity-Based Graph Clustering},
  booktitle = {AAAI},
  year      = {2013}
}

@article{IEEEexample:journals/tkdd/ZhangTLLX15,
  author    = {Jing Zhang and
               Jie Tang and
               Juanzi Li and
               Yang Liu and
               Chunxiao Xing},
  title     = {Who Influenced You? Predicting Retweet via Social Influence Locality},
  journal   = {TKDD},
  volume    = {9},
  number    = {3},
  pages     = {25:1--25:26},
  year      = {2015}
}


@inproceedings{IEEEexample:conf/wsdm/FengW13,
  author    = {Wei Feng and
               Jianyong Wang},
  title     = {Retweet or not?: personalized tweet re-ranking},
  booktitle = {WSDM},
  year      = {2013}
}

@inproceedings{IEEEexample:conf/ijcai/ZhangLTCL13,
  author    = {Jing Zhang and
               Biao Liu and
               Jie Tang and
               Ting Chen and
               Juanzi Li},
  title     = {Social Influence Locality for Modeling Retweeting Behaviors},
  booktitle = {IJCAI},
  year      = {2013}
}

@inproceedings{IEEEexample:conf/cikm/JiangLSW15,
  author    = {Bo Jiang and
               Jiguang Liang and
               Ying Sha and
               Lihong Wang},
  title     = {Message Clustering based Matrix Factorization Model for Retweeting
               Behavior Prediction},
  booktitle = {CIKM},
  year      = {2015}
}

@inproceedings{IEEEexample:conf/sigir/JiangLSLLMW16,
  author    = {Bo Jiang and
               Jiguang Liang and
               Ying Sha and
               Rui Li and
               Wei Liu and
               Hongyuan Ma and
               Lihong Wang},
  title     = {Retweeting Behavior Prediction Based on One-Class Collaborative Filtering
               in Social Networks},
  booktitle = {SIGIR},
  year      = {2016}
}


@article{IEEEexample:kosinski2013private,
  title={Private traits and attributes are predictable from digital records of human behavior},
  author={Kosinski, Michal and Stillwell, David and Graepel, Thore},
  journal={PNAS},
  volume={110},
  number={15},
  pages={5802--5805},
  year={2013}
}

@article{IEEEexample:jiang2013understanding,
  title={Understanding human dynamics in microblog posting activities},
  author={Jiang, Zhihong and Zhang, Yubao and Wang, Hui and Li, Pei},
  journal={Journal of Statistical Mechanics: Theory and Experiment},
  volume={2013},
  number={02},
  pages={P02006},
  year={2013}
}

@inproceedings{IEEEexample:he2014overlapping,
  title={An overlapping community detection algorithm based on link clustering in complex networks},
  author={He, Chenglong and Ma, Hong and Kang, Shize and Cui, Ruifei},
  booktitle={MILCOM},
  year={2014}
}

@inproceedings{IEEEexample:zhang2015retweet,
  title={Retweet Behavior Prediction Using Hierarchical Dirichlet Process.},
  author={Zhang, Qi and Gong, Yeyun and Guo, Ya and Huang, Xuanjing},
  booktitle={AAAI},
  year={2015}
}


@inproceedings{IEEEexample:zhao2011comparing,
  title={Comparing twitter and traditional media using topic models},
  author={Zhao, Wayne Xin and Jiang, Jing and Weng, Jianshu and He, Jing and Lim, Ee-Peng and Yan, Hongfei and Li, Xiaoming},
  booktitle={ECIR},
  year={2011}
}

@inproceedings{IEEEexample:mikolov2013distributed,
  title={Distributed representations of words and phrases and their compositionality},
  author={Mikolov, Tomas and Sutskever, Ilya and Chen, Kai and Corrado, Greg S and Dean, Jeff},
  booktitle={{NIPS}},
  year={2013}
}

@inproceedings{IEEEexample:huang1997clustering,
  title={Clustering large data sets with mixed numeric and categorical values},
  author={Huang, Zhexue},
  booktitle={PAKDD},
  year={1997}
}

@misc{IEEEexample:ring,
   howpublished = {\url{http://ring.cnbigdata.org/}}
}


@inproceedings{IEEEexample:conf/icde/ParkHHL09,
  author    = {Sung{-}Hyuk Park and
               Sang Pil Han and
               Soon{-}Young Huh and
               Hojin Lee},
  title     = {Preprocessing Uncertain User Profile Data: Inferring User's Actual
               Age from Ages of the User's Neighbors},
  booktitle = {ICDE},
  year      = {2009}
}

@inproceedings{IEEEexample:conf/icde/FanCTWC16,
  author    = {Yao{-}Chung Fan and
               Yu{-}Chi Chen and
               Kuan{-}Chieh Tung and
               Kuo{-}Chen Wu and
               Arbee L. P. Chen},
  title     = {A framework for enabling user preference profiling through Wi-Fi logs},
  booktitle = {ICDE},
  year      = {2016}
}


@inproceedings{IEEEexample:conf/icde/FengW14,
  author    = {Wei Feng and
               Jianyong Wang},
  title     = {We can learn your {\#}hashtags: Connecting tweets to explicit topics},
  booktitle = {ICDE},
  year      = {2014}
}

@article{IEEEexample:journals/tkde/ZhangZ14,
  author    = {Min{-}Ling Zhang and
               Zhi{-}Hua Zhou},
  title     = {A Review on Multi-Label Learning Algorithms},
  journal   = {{IEEE} Trans. Knowl. Data Eng.},
  volume    = {26},
  number    = {8},
  pages     = {1819--1837},
  year      = {2014}
}



@article{IEEEexample:journals/snam/DevineniKFF17,
  author    = {Pravallika Devineni and
               Danai Koutra and
               Michalis Faloutsos and
               Christos Faloutsos},
  title     = {Facebook wall posts: a model of user behaviors},
  journal   = {Social Netw. Analys. Mining},
  volume    = {7},
  number    = {1},
  pages     = {6:1--6:15},
  year      = {2017}
}

@inproceedings{IEEEexample:conf/pakdd/GiatsoglouCSFV15,
  author    = {Maria Giatsoglou and
               Despoina Chatzakou and
               Neil Shah and
               Christos Faloutsos and
               Athena Vakali},
  title     = {Retweeting Activity on Twitter: Signs of Deception},
  booktitle = {PAKDD},
  year      = {2015}
}

@article{IEEEexample:journals/tkdd/ZhangCFLYZY17,
  author    = {Tianyang Zhang and
               Peng Cui and
               Christos Faloutsos and
               Yunfei Lu and
               Hao Ye and
               Wenwu Zhu and
               Shiqiang Yang},
  title     = {comeNgo: {A} Dynamic Model for Social Group Evolution},
  journal   = {TKDD},
  volume    = {11},
  number    = {4},
  pages     = {41:1--41:22},
  year      = {2017},

}


@inproceedings{IEEEexample:conf/aaai/WangDNGEB16,
  author    = {Xin Wang and
               Roger Donaldson and
               Christopher Nell and
               Peter Gorniak and
               Martin Ester and
               Jiajun Bu},
  title     = {Recommending Groups to Users Using User-Group Engagement and Time-Dependent
               Matrix Factorization},
  booktitle = {AAAI},
  year      = {2016}
}


@article{IEEEexample:journals/corr/RanganathMHTL15,
  author    = {Suhas Ranganath et al.},
  title     = {Predicting Online Protest Participation of Social Media Users},
  journal   = {CoRR},
  volume    = {abs/1512.02968},
  year      = {2015}
}

@book{IEEEexample:books/mk/HanKP2011,
  author    = {B. Everitt},
  title     = {Cluster Analysis},
  publisher = {Heinemann Educational Books Ltd},
  year      = {1974}
}
